<record><leader>00000cas a22000007a 4500</leader><controlfield tag="001">23107026</controlfield><controlfield tag="008">910215d18811884nyuwr ne      0    0eng d</controlfield><datafield ind1=" " ind2=" " tag="010"><subfield code="a">sn 91066154 </subfield></datafield><datafield ind1=" " ind2=" " tag="040"><subfield code="a">NYS</subfield><subfield code="b">eng</subfield><subfield code="c">NYS</subfield><subfield code="d">OCLCQ</subfield></datafield><datafield ind1=" " ind2=" " tag="042"><subfield code="a">msc</subfield></datafield><datafield ind1="0" ind2=" " tag="130"><subfield code="a">Tully times (Tully, N.Y. : 1881)</subfield></datafield><datafield ind1="1" ind2="4" tag="245"><subfield code="a">The Tully times.</subfield></datafield><datafield ind1="3" ind2="0" tag="246"><subfield code="a">Times</subfield></datafield><datafield ind1=" " ind2=" " tag="260"><subfield code="a">Tully, N.Y. :</subfield><subfield code="b">R.W. Wright</subfield></datafield><datafield ind1=" " ind2=" " tag="300"><subfield code="a">v. ;</subfield><subfield code="c">51 cm.</subfield></datafield><datafield ind1=" " ind2=" " tag="310"><subfield code="a">Weekly,</subfield><subfield code="b">&lt;Jan. 6, 1883&gt;-Dec. 27, 1884</subfield></datafield><datafield ind1=" " ind2=" " tag="321"><subfield code="a">Irregular,</subfield><subfield code="b">Dec. 29, 1881</subfield></datafield><datafield ind1=" " ind2=" " tag="321"><subfield code="a">Monthly,</subfield><subfield code="b">July 8-Dec. 16, 1882</subfield></datafield><datafield ind1="0" ind2=" " tag="362"><subfield code="a">Vol. 1, no. 1 (Dec. 29, 1881)-</subfield></datafield><datafield ind1=" " ind2=" " tag="500"><subfield code="a">Published as: The times, Aug. 5-Dec. 2, 1882.</subfield></datafield><datafield ind1=" " ind2=" " tag="500"><subfield code="a">Publishers: R.W. Wright, 1881; F.R. Slayton and R.W. Wright, 1882; Frank R. Slayton, 1882-&lt;1884&gt;.</subfield></datafield><datafield ind1=" " ind2=" " tag="588"><subfield code="a">Latest issue consulted: Vol. 3, no. 52 (Dec. 27, 1884).</subfield></datafield><datafield ind1=" " ind2="4" tag="651"><subfield code="a">Tully (N.Y.)</subfield><subfield code="v">Newspapers.</subfield></datafield><datafield ind1=" " ind2=" " tag="752"><subfield code="a">United States</subfield><subfield code="b">New York</subfield><subfield code="c">Onondaga</subfield><subfield code="d">Tully.</subfield></datafield><datafield ind1="0" ind2="0" tag="785"><subfield code="t">Saturday morning times</subfield><subfield code="w">(DLC)sn 91066069</subfield><subfield code="w">(OCoLC)23588643</subfield></datafield><datafield ind1="1" ind2=" " tag="029"><subfield code="a">AU@</subfield><subfield code="b">000025904168</subfield></datafield></record>